@article{Bellifemine,
author = {Bellifemine, Fabio and Romoli, Via G Reiss and Rimassa, Giovanni and Poggi, Agostino},
file = {:home/angela/Documents/MAS/3{\_}Semester/MAAS/jade/JADE paper by Bellifemine et al.pdf:pdf},
title = {{JADE â€“ A FIPA-compliant agent framework}}
}
